02RETORNO01COBRANCA       37880081012         EMPRESA DE TESTES             341BANCO ITAU S.A.18041701600BPI01225180417                                                                                                                                                                                                                                                                                   000001
1029468286500012937880081012         81077                    1                   1091       9             I093101178081077   1                   20121600000000344197563069208000000000028000000000000000000000000000000000000000000000000000000000000000000000000003528900000000011500000000000000   01021700000000000000000000000NOME DO PAGADOR                                                     B3000002
9201341          000000000000000000000000000000          0000056100000037766722  01/02L                                                  000000000000000000000000000000          000000000000000000000000000000012250000001900000001536797                                                                                                                                                                000021      
